@article{taylor2008transfer,
  title={Transfer Learning and Intelligence: an Argument and Approach.},
  author={Taylor, Matthew E and Kuhlmann, Gregory and Stone, Peter},
  journal={Frontiers in artificial intelligence and applications},
  volume={171},
  pages={326},
  year={2008},
  publisher={IOS Press}
}

@article{lake2017building,
  title={Building machines that learn and think like people},
  author={Lake, Brenden M and Ullman, Tomer D and Tenenbaum, Joshua B and Gershman, Samuel J},
  journal={Behavioral and brain sciences},
  volume={40},
  year={2017},
  publisher={Cambridge University Press}
}
